<?xml version="1.0" encoding="UTF-8"?><collection xmlns="http://www.loc.gov/MARC21/slim"><record><leader>00472nam--2200133-i-4500</leader><controlfield tag="001">000039501</controlfield><controlfield tag="002">20161230</controlfield><controlfield tag="005">20161230201042</controlfield><controlfield tag="008">060222s1000------------r-----000-0-eng-d</controlfield><datafield ind1=" " ind2=" " tag="080"><subfield code="a">1(043)</subfield></datafield><datafield ind1=" " ind2=" " tag="100"><subfield code="a">Rogic,Marijan</subfield></datafield><datafield ind1=" " ind2=" " tag="245"><subfield code="a">Die idee des kroatischen staates bei ante pavelic unter berucksichtigung besonderer  und des selbsbestimmungsrechts (auseinanderstzung mit dem kommunismus). dissertation</subfield></datafield><datafield ind1=" " ind2=" " tag="260"><subfield code="a">Munchen, Ludwig-maximilians-univ.,1983. 283 P</subfield></datafield><datafield ind1=" " ind2=" " tag="852"><subfield code="a">73481</subfield></datafield></record></collection>